@book{m17,
	title={Estat{\'\i}stica b{\'a}sica},
	author={Morettin, Pedro A and Bussab, Wilton O},
	year={2017},
	publisher={Saraiva Educa{\c{c}}{\~a}o SA}
}